<record><leader>00000cas a22000007a 4500</leader><controlfield tag="001">16409571</controlfield><controlfield tag="008">870808d18821957iauwr ne      0    0eng d</controlfield><datafield ind1=" " ind2=" " tag="010"><subfield code="a">sn 87057310 </subfield></datafield><datafield ind1=" " ind2=" " tag="040"><subfield code="a">INP</subfield><subfield code="b">eng</subfield><subfield code="c">INP</subfield><subfield code="d">OCLCQ</subfield></datafield><datafield ind1=" " ind2=" " tag="042"><subfield code="a">msc</subfield></datafield><datafield ind1="0" ind2=" " tag="130"><subfield code="a">Milford mail (Milford, Iowa)</subfield></datafield><datafield ind1="1" ind2="4" tag="245"><subfield code="a">The Milford mail.</subfield></datafield><datafield ind1=" " ind2=" " tag="260"><subfield code="a">Milford, Dickinson County, Iowa :</subfield><subfield code="b">R.B. Nicol,</subfield><subfield code="c">-1957.</subfield></datafield><datafield ind1=" " ind2=" " tag="300"><subfield code="a">v.</subfield></datafield><datafield ind1=" " ind2=" " tag="310"><subfield code="a">Weekly</subfield></datafield><datafield ind1="1" ind2=" " tag="362"><subfield code="a">Began in Dec. 1882.</subfield></datafield><datafield ind1="0" ind2=" " tag="362"><subfield code="a">-v. 75, no. 44 (Oct. 31, 1957).</subfield></datafield><datafield ind1=" " ind2=" " tag="500"><subfield code="a">Publisher varies.</subfield></datafield><datafield ind1=" " ind2=" " tag="500"><subfield code="a">Includes section called: Arnolds Park bugle, &lt;Feb. 15, 1923&gt;.</subfield></datafield><datafield ind1=" " ind2=" " tag="588"><subfield code="a">Description based on: Vol. 4, no. 2 (Jan. 14, 1886).</subfield></datafield><datafield ind1=" " ind2=" " tag="752"><subfield code="a">United States</subfield><subfield code="b">Iowa</subfield><subfield code="c">Dickinson</subfield><subfield code="d">Milford.</subfield></datafield><datafield ind1=" " ind2=" " tag="752"><subfield code="a">United States</subfield><subfield code="b">Iowa</subfield><subfield code="c">Dickinson</subfield><subfield code="d">Arnolds Park.</subfield></datafield><datafield ind1="0" ind2="7" tag="785"><subfield code="t">Terril record</subfield><subfield code="w">(DLC)sn 87057304</subfield></datafield><datafield ind1="0" ind2="7" tag="785"><subfield code="t">Milford mail and the Terril record</subfield><subfield code="w">(DLC)sn 87057791</subfield></datafield><datafield ind1="1" ind2=" " tag="787"><subfield code="t">Arnolds Park bugle</subfield></datafield></record>